%=================== DATASETS ================================
@misc{yufeng_2021_fuzzy,
  author = {Yufeng},
  month = {11},
  title = {Fuzzy C-Means Clustering with Python},
  howpublished = {\url{https://towardsdatascience.com/fuzzy-c-means-clustering-with-python-f4908c714081}},
  year = {2021},
  organization = {Medium}
}
@misc{UCI ,
author = "Andras Janosi",
year = {2017},
title = "{UCI} Machine Learning Repository",
howpublished = {\url{https://archive.ics.uci.edu/ml/datasets/Heart+Disease}},
institution = "University of California, Irvine, School of Information and Computer Sciences" 
}
@article{articlePredictingFuzzyCMeans,
author = {Banu, Gulmohamed and Phil, M and Bousal, J and Mca, Jamala},
year = "2015",
month = {05},
pages = {},
title = {Perdicting Heart Attack using Fuzzy C Means Clustering Algorithm},
volume = {5},
journal = {International Journal of latest Trends in Engineering and Technology}
}
@inbook{inbookClusteringAndAsociationRules,
author = {Rustamov, Zahiriddin},
year = {2023},
month = {01},
pages = {389-396},
PUBLISHER = "www.researchgate.net", 
title = {Clustering and Association Rule Mining of Cardiovascular Disease Risk Factors},
isbn = {978-3-031-23091-2},
doi = {10.1007/978-3-031-23092-9_31}
}
@article{fusterbarcel_2023_unleashing,
  author = {Fuster-Barceló, Caterina and Cámara, Carmen and Peris-López, Pedro},
  month = {02},
  title = {Unleashing the Power of Electrocardiograms: A novel approach for Patient Identification in Healthcare Systems with ECG Signals},
  url = {https://arxiv.org/abs/2302.06529},
  urldate = {2023-02-18},
  volume = {2302.06529},
  year = "2023",
  journal = {arXiv:2302.06529 [cs]}
}
@misc{emmanuelramosFeatureSelection,
  author = {Emmanuel Ramos},
  annote = {Feature Selection using diferent approaches},
  month = {01},
  publisher = {Emmanuel Ramos},
  title = {EmmanuelRamos143/AA},
  howpublished = {\url{https://github.com/EmmanuelRamos143/AA/blob/main/Tarea4-FeatureSelection.ipynb}},
  urldate = {2023-02-18},
  year = "2023",
  organization = {GitHub}
}
 @misc{stephenallwright_2022, 
 title={How to interpret Mae (simply explained)}, 
 howpublished = {\url{https://stephenallwright.com/interpret-mae/}},
 journal={Stephen Allwright}, 
 publisher={Stephen Allwright}, 
 author={Stephen Allwright}, 
 year={2022}, 
 month={Dec}
 } 
 @article{Pal_2021,
doi = {10.1088/1742-6596/1817/1/012009},
url = {https://dx.doi.org/10.1088/1742-6596/1817/1/012009},
year = {2021},
month = {mar},
publisher = {IOP Publishing},
volume = {1817},
number = {1},
pages = {012009},
author = {Madhumita Pal and Smita Parija},
title = {Prediction of Heart Diseases using Random Forest},
journal = {Journal of Physics: Conference Series}
}
@ARTICLE{8684835,
  author={Ali, Liaqat and Niamat},
  journal={IEEE Access}, 
  title={An Optimized Stacked Support Vector Machines Based Expert System for the Effective Prediction of Heart Failure}, 
  year={2019},
  volume={7},
  number={},
  pages={54007-54014},
  doi={10.1109/ACCESS.2019.2909969}}
@misc{who_2022_cardiovascular,
  author = {WHO},
  title = {Cardiovascular Diseases},
  url = {https://www.who.int/health-topics/cardiovascular-diseases#tab=tab_1},
  year = {2022},
  organization = {World Health Organization}
}