%=================== DATASETS ================================
@misc{yufeng_2021_fuzzy,
  author = {Yufeng},
  month = {11},
  title = {Fuzzy C-Means Clustering with Python},
  url = {https://towardsdatascience.com/fuzzy-c-means-clustering-with-python-f4908c714081},
  year = {2021},
  organization = {Medium}
}
@misc{UCI ,
author = "Andras Janosi",
year = "2017",
title = "{UCI} Machine Learning Repository",
url = "https://archive.ics.uci.edu/ml/datasets/Heart+Disease",
institution = "University of California, Irvine, School of Information and Computer Sciences" 
}

@article{nsrdb, 
title={PhysioBank, PhysioToolkit, and PhysioNet: Components of a new research resource for complex physiologic signals. Circulation [Online]. 101 (23), pp. e215–e220}, 
author={A. Goldberg}, 
year={1999}, 
month={Aug},
doi={https://doi.org/10.13026/C2NK5R}
}

@ARTICLE{mitdb,
  author={G. B. {Moody} and R. G. {Mark}},
  journal={IEEE Engineering in Medicine and Biology Magazine}, 
  title={The impact of the MIT-BIH Arrhythmia Database}, 
  year={2001},
  volume={20},
  number={3},
  pages={45-50},
  doi={https://doi.org/10.1109/51.932724}
  }
  
@article{ptbdb,
   author = {R. Bousseljot and D. Kreiseler and A. Schnabel},
   issn = {0013-5585},
   issue = {s1},
   journal = {Biomedizinische Technik / Biomedical Engineering},
   month = {1},
   pages = {317-318},
   publisher = {Walter de Gruyter},
   title = {Nutzung der EKG-Signaldatenbank CARDIODAT der PTB über das Internet},
   volume = {40},
   year = {1995},
    doi = {https://doi.org/10.1515/bmte.1995.40.s1.317}
}

%========================= SURVEYS =========================
@article{renner1993wristband,
  title={Wristband identification error reporting in 712 hospitals. A College of American Pathologists' Q-Probes study of quality issues in transfusion practice.},
  author={Renner, SW and Howanitz, PJ and Bachner, P},
  journal={Archives of pathology \& laboratory medicine},
  volume={117},
  number={6},
  pages={573--577},
  year={1993}
}

@article{patientid_executivesummary,
title={Patient Identification: Executive Summary},
author = {ECRI Institute PSO Deep Dive},
journal = {ECRI Institute}, 
year = {2016},
url = {https://www.ecri.org/Resources/Whitepapers_and_reports/PSO%20Deep%20Dives/Deep%20Dive_PT_ID_2016_exec%20summary.pdf}
}

@article{de2019interventions,
  title={Interventions to reduce patient identification errors in the hospital setting: a systematic review protocol},
  author={De Rezende, Helena Aparecida and Melleiro, Marta Maria and Shimoda, Gilceria Tochika},
  journal={JBI Evidence Synthesis},
  volume={17},
  number={1},
  pages={37--42},
  year={2019},
  publisher={LWW},
  doi = {https://doi.org/10.11124/JBISRIR-2017-003895}
}

@article{nigam2022biometric,
  title={Biometric Authentication for Intelligent and Privacy-Preserving Healthcare Systems},
  author={Nigam, Dhananjay and Patel, Shilp Nirajbhai and Raj Vincent, PM and Srinivasan, Kathiravan and Arunmozhi, Sinouvassane},
  journal={Journal of Healthcare Engineering},
  volume={2022},
  year={2022},
  publisher={Hindawi},
  doi = {https://doi.org/10.1155/2022/1789996}
}

@article{tase2015patient,
  title={Patient identification systems in obstetric units, and wristband conformity},
  author={Tase, Terezinha Hideco and Tronchin, Daisy Maria Rizatto},
  journal={Acta Paulista de Enfermagem},
  volume={28},
  pages={374--380},
  year={2015},
  publisher={SciELO Brasil},
  doi = {https://doi.org/10.1590/1982-0194201500063}
}

@article{hemesath2015educational,
  title={Educational strategies to improve adherence to patient identification},
  author={Hemesath, Melissa Prade and Santos, Helena Barreto dos and Torelly, Ethel Maris Schroder and Barbosa, Amanda da Silveira and Magalh{\~a}es, Ana Maria M{\"u}ller de},
  journal={Revista Ga{\'u}cha de Enfermagem},
  volume={36},
  pages={43--48},
  year={2015},
  publisher={SciELO Brasil},
  doi = {https://doi.org/1983-1447.2015.04.54289}
}

@article{mccoy2013matching,
  title={Matching identifiers in electronic health records: implications for duplicate records and patient safety},
  author={McCoy, Allison B and Wright, Adam and Kahn, Michael G and Shapiro, Jason S and Bernstam, Elmer Victor and Sittig, Dean F},
  journal={BMJ quality \& safety},
  volume={22},
  number={3},
  pages={219--224},
  year={2013},
  publisher={BMJ Publishing Group Ltd}
}

@inproceedings{aguilar2006positive,
  title={Positive patient identification using RFID and wireless networks},
  author={Aguilar, Antonio and Van Der Putten, Wil and Kirrane, F},
  booktitle={HISI 11th Annual Conference and Scientific Symposium},
  year={2006},
  organization={Citeseer}
}

@article{donaldson2000err,
  title={To err is human: building a safer health system},
  author={Donaldson, Molla S and Corrigan, Janet M and Kohn, Linda T and others},
  year={2000},
  publisher={National Academies Press}
}

@article{lippi2017managing,
  title={Managing the patient identification crisis in healthcare and laboratory medicine},
  author={Lippi, Giuseppe and Mattiuzzi, Camilla and Bovo, Chiara and Favaloro, Emmanuel J},
  journal={Clinical biochemistry},
  volume={50},
  number={10-11},
  pages={562--567},
  year={2017},
  publisher={Elsevier},
  doi = {https://doi.org/10.1016/j.clinbiochem.2017.02.004}
}

@article{noran2022towards,
  title={Towards an Evaluation Framework for Ubiquitous, Self-Evolving Patient Identification Solutions in Health Information Systems},
  author={Noran, Ovidiu and Bernus, Peter},
  journal={Procedia Computer Science},
  volume={196},
  pages={550--560},
  year={2022},
  publisher={Elsevier},
  doi = {https://doi.org/10.1016/j.procs.2021.12.048}
}
@article{riplinger2020patient,
  title={Patient identification techniques--approaches, implications, and findings},
  author={Riplinger, Lauren and Piera-Jim{\'e}nez, Jordi and Dooling, Julie Pursley},
  journal={Yearbook of medical informatics},
  volume={29},
  number={01},
  pages={081--086},
  year={2020},
  publisher={Georg Thieme Verlag KG}, 
  doi = {https://doi.org/10.1055/s-0040-1701984}
}

@article{patientnow, 
title= {New Perspectives on the Patient ID Problem in healthcare},
author = {Krzepicki, Amanada},
journal= {Patient Now},
month = {November},
year = {2022},
url = {http://patientidnow.org/wp-content/uploads/2022/11/PIDN-Research-Findings-Final.pdf}
}

@article{cybersecurity1, 
title = {The mounting death toll of hospital cyberattacks},
author = {Maggie Miller},
journal = {Politico},
year = {2022},
url = {https://www.politico.com/news/2022/12/28/cyberattacks-u-s-hospitals-00075638}
}

@article{cybersecurity2, 
title = {Cyber Insecurity in Healthcare: The Cost and Impact on Patient Safety and Care},
author = {Ponemon Institute},
journal = {ProofPoint},
year = {2022},
url = {https://www.proofpoint.com/sites/default/files/threat-reports/pfpt-us-tr-cyber-insecurity-healthcare-ponemon-report.pdf}
}

%====================  IDENTIFICATION ======================
%__________________________ ECG ____________________________
@article{ELEKTRA2022, 
title={ELEKTRA: ELEKTRokardiomatrix Application to biometric identification with Convolutional Neural Networks}, 
journal={Neurocomputing (In Press). },
author={Fuster-Barcel\'o, Caterina and  Peris-Lopez, Pedro and  Camara, Carmen}, 
year={2022}, 
DOI= {https://doi.org/10.1016/j.neucom.2022.07.059}, 
}


%__________________________ IRIS ___________________________
@article{anne2020feasibility,
  title={Feasibility and acceptability of an iris biometric system for unique patient identification in routine HIV services in Kenya},
  author={Anne, Njoroge and Dunbar, Matthew D and Abuna, Felix and Simpson, Peter and Macharia, Paul and Betz, Bourke and Cherutich, Peter and Bukusi, David and Carey, Farquhar},
  journal={International journal of medical informatics},
  volume={133},
  pages={104006},
  year={2020},
  publisher={Elsevier}, 
  doi = {https://doi.org/10.1016/j.ijmedinf.2019.104006}
}

%___________________________ PALM ________________________
@article{khatun2022comparison,
  title={Comparison of a palm-based biometric solution with a name-based identification system in rural Bangladesh},
  author={Khatun, Fatema and Distler, Rebecca and Rahman, Monjur and O’Donnell, Brian and Gachuhi, Noni and Alwani, Manoj and Wang, Yang and Rahman, Anisur and Fr{\o}en, J Frederik and Friberg, Ingrid K},
  journal={Global health action},
  volume={15},
  number={1},
  pages={2045769},
  year={2022},
  publisher={Taylor \& Francis}, 
  doi = {https://doi.org/10.1080/16549716.2022.2045769}
}

@article{sawa2022biometric,
  title={Biometric palm vein authentication of psychiatric patients for reducing in-hospital medication errors: a pre--post observational study},
  author={Sawa, Minoru and Inoue, Tomomi and Manabe, Shinichi},
  journal={BMJ open},
  volume={12},
  number={4},
  pages={e055107},
  year={2022},
  publisher={British Medical Journal Publishing Group},
  doi = {http://dx.doi.org/10.1136/bmjopen-2021-055107}
}

%_________________________ FACE______________________________
@article{jeon2019facial,
  title={A facial recognition mobile app for patient safety and biometric identification: Design, development, and validation},
  author={Jeon, Byoungjun and Jeong, Boseong and Jee, Seunghoon and Huang, Yan and Kim, Youngmin and Park, Gee Ho and Kim, Jungah and Wufuer, Maierdanjiang and Jin, Xian and Kim, Sang Wha and others},
  journal={JMIR mHealth and uHealth},
  volume={7},
  number={4},
  pages={e11472},
  year={2019},
  publisher={JMIR Publications Inc., Toronto, Canada},
  doi = {https://doi.org/10.2196/11472}
}

@article{arya2015future,
  title={Future of face recognition: a review},
  author={Arya, Shwetank and Pratap, Neeraj and Bhatia, Karamjit},
  journal={Procedia Computer Science},
  volume={58},
  pages={578--585},
  year={2015},
  publisher={Elsevier},
  doi = {https://doi.org/10.1016/j.procs.2015.08.076}
}

@article{mahadevappa2010facial,
  title={Facial paralysis: a critical review of accepted explanation},
  author={Mahadevappa, Karthik and Vora, Ariana and Graham, Andrew and Nesathurai, Shanker},
  journal={Medical hypotheses},
  volume={74},
  number={3},
  pages={508--509},
  year={2010},
  publisher={Elsevier},
  doi = {https://doi.org/10.1016/j.mehy.2009.10.010}
}
%___________________________ FINGERPRINT _________________________
@article{jaafa2021implementation,
  title={Implementation of Fingerprint Technology for Unique Patient Matching and Identification at an HIV Care and Treatment Facility in Western Kenya: Cross-sectional Study},
  author={Jaafa, Noah Kasiiti and Mokaya, Benard and Savai, Simon Muhindi and Yeung, Ada and Siika, Abraham Mosigisi and Were, Martin},
  journal={Journal of medical Internet research},
  volume={23},
  number={12},
  pages={e28958},
  year={2021},
  publisher={JMIR Publications Inc., Toronto, Canada},
  doi = {https://doi.org/10.2196/28958}
}

@article{sohn2020clinical,
  title={Clinical study of using biometrics to identify patient and procedure},
  author={Sohn, Jason W and Kim, Haksoo and Park, Samuel B and Lee, Soyoung and Monroe, James I and Malone, Thomas B and Kinsella, Timothy and Yao, Min and Kunos, Charles and Lo, Simon S and others},
  journal={Frontiers in Oncology},
  volume={10},
  pages={586232},
  year={2020},
  publisher={Frontiers Media SA},
  doi = {https://doi.org/10.3389/fonc.2020.586232}
}

@article{storisteanu2015biometric,
  title={Biometric fingerprint system to enable rapid and accurate identification of beneficiaries},
  author={Storisteanu, Daniel Matthew L and Norman, Toby L and Grigore, Alexandra and Norman, Tristram L},
  journal={Global Health: Science and Practice},
  volume={3},
  number={1},
  pages={135--137},
  year={2015},
  publisher={Global Health: Science and Practice},
  doi = {https://doi.org/10.9745/GHSP-D-15-00010}
}

@article{batool2022causes,
  title={Causes of adermatoglyphia: A hurdle to biometric authentication},
  author={Batool, Saelah and Tariq, Hira and Shahid, Muhammad and Siddiqui, Saadiya and Batool, Sakina and Aman, Shahbaz},
  journal={Journal of Pakistan Association of Dermatologists},
  volume={32},
  number={1},
  pages={42--46},
  year={2022},
  url = {https://jpad.com.pk/index.php/jpad/article/view/1805}
}

@article{deneken2022capecitabine,
  title={Capecitabine induced fingerprint loss: Case report and review of the literature},
  author={Deneken-Hernandez, Zuratzi and Cherem-Kibrit, Marcos and Guti{\'e}rrez-Andrade, Luis and Rodr{\'\i}guez-Guti{\'e}rrez, Georgina and Colmenero-Mercado, Juan Oswaldo},
  journal={Journal of Oncology Pharmacy Practice},
  volume={28},
  number={2},
  pages={495--499},
  year={2022},
  publisher={SAGE Publications Sage UK: London, England},
  doi = {https://doi.org/10.1177/10781552211045009}
}

%_______________________ CVD _________________________________
@article{MONEDERO2022104536,
title = {A novel ECG diagnostic system for the detection of 13 different diseases},
journal = {Engineering Applications of Artificial Intelligence},
volume = {107},
pages = {104536},
year = {2022},
issn = {0952-1976},
doi = {https://doi.org/10.1016/j.engappai.2021.104536},
url = {https://www.sciencedirect.com/science/article/pii/S0952197621003845},
author = {Iñigo Monedero},
}

@article{UBEYLI20081196,
title = {Support vector machines for detection of electrocardiographic changes in partial epileptic patients},
journal = {Engineering Applications of Artificial Intelligence},
volume = {21},
number = {8},
pages = {1196-1203},
year = {2008},
issn = {0952-1976},
doi = {https://doi.org/10.1016/j.engappai.2008.03.012},
url = {https://www.sciencedirect.com/science/article/pii/S0952197608000420},
author = {Elif Derya Übeyli},
}

@article{LEE2018S121,
title = {Accurate detection of atrial fibrillation and atrial flutter using the electrocardiomatrix technique},
journal = {Journal of Electrocardiology},
volume = {51},
number = {6, Supplement },
pages = {S121-S125},
year = {2018},
issn = {0022-0736},
doi = {https://doi.org/10.1016/j.jelectrocard.2018.08.011},
url = {https://www.sciencedirect.com/science/article/pii/S0022073618303406},
author = {Veronica Lee and Gang Xu and Vivian Liu and Peter Farrehi and Jimo Borjigin},
}


@article{STROKEAHA,
author = {Devin L. Brown  and Gang Xu  and Alexandra Mary Belinky Krzyske  and Nicholas C. Buhay  and Madeline Blaha  and Michael M. Wang  and Peter Farrehi  and Jimo Borjigin },
title = {Electrocardiomatrix Facilitates Accurate Detection of Atrial Fibrillation in Stroke Patients},
journal = {Stroke},
volume = {50},
number = {7},
pages = {1676-1681},
year = {2019},
doi = {https://doi.org/10.1161/STROKEAHA.119.025361}
}

@article{EBRAHIMI2020100033,
title = {A review on deep learning methods for ECG arrhythmia classification},
journal = {Expert Systems with Applications: X},
volume = {7},
pages = {100033},
year = {2020},
issn = {2590-1885},
doi = {https://doi.org/10.1016/j.eswax.2020.100033},
url = {https://www.sciencedirect.com/science/article/pii/S2590188520300123},
author = {Zahra Ebrahimi and Mohammad Loni and Masoud Daneshtalab and Arash Gharehbaghi},
}

%_______________________ OTHER ________________________________
@article{hathaliya2020securing,
  title={Securing electronic healthcare records: A mobile-based biometric authentication approach},
  author={Hathaliya, Jigna J and Tanwar, Sudeep and Evans, Richard},
  journal={Journal of Information Security and Applications},
  volume={53},
  pages={102528},
  year={2020},
  publisher={Elsevier},
  doi = {https://doi.org/10.1016/j.jisa.2020.102528}
}

@article{ueda2019biological,
  title={Biological fingerprint using scout computed tomographic images for positive patient identification},
  author={Ueda, Yasuyuki and Morishita, Junji and Hongyo, Tadashi},
  journal={Medical physics},
  volume={46},
  number={10},
  pages={4600--4609},
  year={2019},
  publisher={Wiley Online Library},
  doi = {https://doi.org/10.1002/mp.13779}
}

@article{ostad2019robust,
  title={A robust and efficient ECC-based mutual authentication and session key generation scheme for healthcare applications},
  author={Ostad-Sharif, Arezou and Abbasinezhad-Mood, Dariush and Nikooghadam, Morteza},
  journal={Journal of medical systems},
  volume={43},
  number={1},
  pages={1--22},
  year={2019},
  publisher={Springer},
  doi = {https://doi.org/10.1007/s10916-018-1120-5}
}

@inproceedings{do2019eeg,
  title={EEG-Based Biometrics Utilizing Image Recognition for Patient Identification},
  author={Do, Hy and Truong, Vu and George, Kiran and Shirke, Bhagyashree},
  booktitle={2019 IEEE 10th Annual Ubiquitous Computing, Electronics \& Mobile Communication Conference (UEMCON)},
  pages={0591--0595},
  year={2019},
  organization={IEEE},
  doi = {https://doi.org/10.1109/UEMCON47517.2019.8992962}
}

@article{aubert2001adoption,
  title={Adoption of smart cards in the medical sector:: the Canadian experience},
  author={Aubert, Benoit A and Hamel, Genevi{\`e}ve},
  journal={Social Science \& Medicine},
  volume={53},
  number={7},
  pages={879--894},
  year={2001},
  publisher={Elsevier},
  doi = {https://doi.org/10.1016/S0277-9536(00)00388-9}
}
%================ SIGNAL PROCESSING ===========================
@inproceedings{pantompkins,
  title={One-lead ECG for identity verification},
  author={Shen, Tsu-Wang and Tompkins, WJ and Hu, YH},
  booktitle={Proceedings of the Second Joint 24th Annual Conference and the Annual Fall Meeting of the Biomedical Engineering Society][Engineering in Medicine and Biology},
  volume={1},
  pages={62--63},
  year={2002},
  organization={IEEE},
  doi = {https://doi.org/10.1109/IEMBS.2002.1134388}
}


% ==================== ECM ====================================
%%%%%%%%%%%%%%%%%%%%%%%%%%%%%%%%%% 
%%%%%%%%%%%%%%%%%%%%%%%%%%%%%%%%%%% EKM
%%%%%%%%%%%%%%%%%%%%%%%%%%%%%%%%%% 

@article{ecm,
title={Electrocardiomatrix: A new method for beat-by-beat visualization and inspection of cardiac signals},
author={Li, Duan and Tian, Fangyun and Rengifo, Santiago and Xu, Gang and Wang, Michael M and Borjigin, Jimo},
journal={J Integr Cardiol},
volume={1},
number={5},
pages={124--128},
year={2015}
}

@article{XU2018955,
title = {Electrocardiomatrix facilitates qualitative identification of diminished heart rate variability in critically ill patients shortly before cardiac arrest},
journal = {Journal of Electrocardiology},
volume = {51},
number = {6},
pages = {955-961},
year = {2018},
issn = {0022-0736},
doi = {https://doi.org/10.1016/j.jelectrocard.2018.08.006},
url = {https://www.sciencedirect.com/science/article/pii/S0022073618303480},
author = {Gang Xu and Sneha Dodaballapur and Temenuzhka Mihaylova and Jimo Borjigin},
}

@article{STROKEAHA025361,
author = {Devin L. Brown  and Gang Xu  and Alexandra Mary Belinky Krzyske  and Nicholas C. Buhay  and Madeline Blaha  and Michael M. Wang  and Peter Farrehi  and Jimo Borjigin },
title = {Electrocardiomatrix Facilitates Accurate Detection of Atrial Fibrillation in Stroke Patients},
journal = {Stroke},
volume = {50},
number = {7},
pages = {1676-1681},
year = {2019},
doi = {10.1161/STROKEAHA.119.025361},
url = {https://www.ahajournals.org/doi/abs/10.1161/STROKEAHA.119.025361},
eprint = {https://www.ahajournals.org/doi/pdf/10.1161/STROKEAHA.119.025361}
}

@article{ecm_2022,
author = {Sharma, Kavya and Rao, Mohan and Marwaha, Puneeta and Kumar, Aman},
year = {2022},
month = {04},
pages = {},
title = {Accurate detection of congestive heart failure using electrocardiomatrix technique},
journal = {Multimedia Tools and Applications},
doi = {10.1007/s11042-022-12773-8}
}

@INPROCEEDINGS{9344257,
author={R. {Salinas-Martínez} and J. {De Bie} and N. {Marzocchi} and F. {Sandberg}},
booktitle={2020 Computing in Cardiology}, 
title={Automatic Detection of Atrial Fibrillation Using Electrocardiomatrix and Convolutional Neural Network}, 
year={2020},
volume={},
number={},
pages={1-4},
doi={10.22489/CinC.2020.170}
}


@article{salinas2021detection,
  title={Detection of Brief Episodes of Atrial Fibrillation Based on Electrocardiomatrix and Convolutional Neural Network},
  author={Salinas-Mart{\'\i}nez, Ricardo and De Bie, Johannes and Marzocchi, Nicoletta and Sandberg, Frida},
  journal={Frontiers in physiology},
  volume={12},
  year={2021},
  publisher={Frontiers Media SA},
  doi = {https://doi.org/10.3389/fphys.2021.673819}
}

% =============== SUPPLEMENTARY =============================
@ARTICLE{8327810,  
author={Liu, Jikui and Yin, Liyan and He, Chenguang and Wen, Bo and Hong, Xi and Li, Ye},  
journal={IEEE Access},  
title={A Multiscale Autoregressive Model-Based Electrocardiogram Identification Method},   
year={2018},  
volume={6},  
number={}, 
pages={18251-18263},  
doi={10.1109/ACCESS.2018.2820684}}

@INPROCEEDINGS{9185990,  
author={Pinto, João Ribeiro and Cardoso, Jaime S.},  
booktitle={2019 IEEE 10th International Conference on Biometrics Theory, Applications and Systems (BTAS)},   
title={An End-to-End Convolutional Neural Network for ECG-Based Biometric Authentication},
year={2019},  
volume={}, 
number={}, 
pages={1-8}, 
doi={10.1109/BTAS46853.2019.9185990}}

@article{DONIDALABATI201978,
title = {Deep-ECG: Convolutional Neural Networks for ECG biometric recognition},
journal = {Pattern Recognition Letters},
volume = {126},
pages = {78-85},
year = {2019},
note = {Robustness, Security and Regulation Aspects in Current Biometric Systems},
issn = {0167-8655},
doi = {https://doi.org/10.1016/j.patrec.2018.03.028},
url = {https://www.sciencedirect.com/science/article/pii/S0167865518301077},
author = {Ruggero {Donida Labati} and Enrique Muñoz and Vincenzo Piuri and Roberto Sassi and Fabio Scotti},
keywords = {Biometrics, ECG, Deep learning},
}

@ARTICLE{8695698,  
author={Chu, Yifan and Shen, Haibin and Huang, Kejie},  
journal={IEEE Access},   
title={ECG Authentication Method Based on Parallel Multi-Scale One-Dimensional Residual Network With Center and Margin Loss},   
year={2019}, 
volume={7}, 
number={},
pages={51598-51607},
doi={10.1109/ACCESS.2019.2912519}}

@INPROCEEDINGS{8856916,  
author={Hong, Pei-Lun and Hsiao, Jyun-Ya and Chung, Chi-Hsun and Feng, Yao-Min and Wu, Shun-Chi}, 
booktitle={2019 41st Annual International Conference of the IEEE Engineering in Medicine and Biology Society (EMBC)},  
title={ECG Biometric Recognition: Template-Free Approaches Based on Deep Learning}, 
year={2019},
volume={},  
number={}, 
pages={2633-2636}, 
doi={10.1109/EMBC.2019.8856916}}

@Article{s20113069,
AUTHOR = {Kim, Beom-Hun and Pyun, Jae-Young},
TITLE = {ECG Identification For Personal Authentication Using LSTM-Based Deep Recurrent Neural Networks},
JOURNAL = {Sensors},
VOLUME = {20},
YEAR = {2020},
NUMBER = {11},
ARTICLE-NUMBER = {3069},
URL = {https://www.mdpi.com/1424-8220/20/11/3069},
ISSN = {1424-8220},
DOI = {10.3390/s20113069}
}

@article{LI202083,
title = {Toward improving ECG biometric identification using cascaded convolutional neural networks},
journal = {Neurocomputing},
volume = {391},
pages = {83-95},
year = {2020},
issn = {0925-2312},
doi = {https://doi.org/10.1016/j.neucom.2020.01.019},
url = {https://www.sciencedirect.com/science/article/pii/S0925231220300485},
author = {Yazhao Li and Yanwei Pang and Kongqiao Wang and Xuelong Li},
keywords = {Human identification, Biometric identification, Convolutional neural networks (CNN), Cascaded CNN, Electrocardiogram (ECG)},
}

@article{chee2022electrocardiogram,
  title={Electrocardiogram Biometrics Using Transformer’s Self-Attention Mechanism for Sequence Pair Feature Extractor and Flexible Enrollment Scope Identification},
  author={Chee, Kai Jye and Ramli, Dzati Athiar},
  journal={Sensors},
  volume={22},
  number={9},
  pages={3446},
  year={2022},
  publisher={MDPI},
  doi = {https://doi.org/10.3390/s22093446}
}

@article{el2022wavelet,
  title={A wavelet-based capsule neural network for ECG biometric identification},
  author={El Boujnouni, Imane and Zili, Hassan and Tali, Abdelhak and Tali, Tarik and Laaziz, Yassin},
  journal={Biomedical Signal Processing and Control},
  volume={76},
  pages={103692},
  year={2022},
  publisher={Elsevier}, 
  doi = {https://doi.org/10.1016/j.bspc.2022.103692}
}